@article{lo2023impact,
  title={What is the impact of ChatGPT on education? A rapid review of the literature},
  author={Lo, Chung Kwan},
  journal={Education Sciences},
  volume={13},
  number={4},
  pages={410},
  year={2023},
  publisher={MDPI}
}

@inproceedings{kuramitsu2023kogi,
  title={KOGI: A Seamless Integration of ChatGPT into Jupyter Environments for Programming Education},
  author={Kuramitsu, Kimio and Obara, Yui and Sato, Miyu and Obara, Momoka},
  booktitle={Proceedings of the 2023 ACM SIGPLAN International Symposium on SPLASH-E},
  pages={50--59},
  year={2023}
}

@article{vaswani2017attention,
  title={Attention is all you need},
  author={Vaswani, Ashish and Shazeer, Noam and Parmar, Niki and Uszkoreit, Jakob and Jones, Llion and Gomez, Aidan N and Kaiser, {\L}ukasz and Polosukhin, Illia},
  journal={Advances in neural information processing systems},
  volume={30},
  year={2017}
}

@article{singh2023exploring,
  title={Exploring computer science studentsâ€™ perception of ChatGPT in higher education: A descriptive and correlation study},
  author={Singh, Harpreet and Tayarani-Najaran, Mohammad-Hassan and Yaqoob, Muhammad},
  journal={Education Sciences},
  volume={13},
  number={9},
  pages={924},
  year={2023},
  publisher={MDPI}
}

@article{geng2023can,
  title={Can ChatGPT Pass An Introductory Level Functional Language Programming Course?},
  author={Geng, Chuqin and Yihan, Zhang and Pientka, Brigitte and Si, Xujie},
  journal={arXiv preprint arXiv:2305.02230},
  year={2023}
}

@article{devlin2018bert,
  title={Bert: Pre-training of deep bidirectional transformers for language understanding},
  author={Devlin, Jacob and Chang, Ming-Wei and Lee, Kenton and Toutanova, Kristina},
  journal={arXiv preprint arXiv:1810.04805},
  year={2018}
}

@article{elshiekh2017using,
  title={Using gamification to teach students programming concepts},
  author={Elshiekh, Rania and Butgerit, Laurie},
  journal={Open Access Library Journal},
  volume={4},
  number={8},
  pages={1--7},
  year={2017},
  publisher={Scientific Research Publishing}
}

@article{ouh2023chatgpt,
  title={ChatGPT, Can You Generate Solutions for my Coding Exercises? An Evaluation on its Effectiveness in an undergraduate Java Programming Course},
  author={Ouh, Eng Lieh and Gan, Benjamin Kok Siew and Shim, Kyong Jin and Wlodkowski, Swavek},
  journal={arXiv preprint arXiv:2305.13680},
  year={2023}
}